<record><leader>00000cas a22000007a 4500</leader><controlfield tag="001">24498212</controlfield><controlfield tag="008">911004d19751978nhuwr ne      0    0eng d</controlfield><datafield ind1=" " ind2=" " tag="010"><subfield code="a">sn 91063295 </subfield></datafield><datafield ind1=" " ind2=" " tag="040"><subfield code="a">NVH</subfield><subfield code="b">eng</subfield><subfield code="c">NVH</subfield><subfield code="d">NVN</subfield><subfield code="d">OCLCQ</subfield><subfield code="d">OCLCF</subfield><subfield code="d">OCLCO</subfield></datafield><datafield ind1="1" ind2=" " tag="029"><subfield code="a">AU@</subfield><subfield code="b">000025900411</subfield></datafield><datafield ind1=" " ind2=" " tag="042"><subfield code="a">msc</subfield></datafield><datafield ind1=" " ind2=" " tag="043"><subfield code="a">n-us-nh</subfield></datafield><datafield ind1="0" ind2=" " tag="130"><subfield code="a">Journal (Woodsville, N.H.)</subfield></datafield><datafield ind1="1" ind2="4" tag="245"><subfield code="a">The Journal.</subfield></datafield><datafield ind1=" " ind2=" " tag="260"><subfield code="a">Woodsville, N.H. ;</subfield><subfield code="a">Wells River, Vt. :</subfield><subfield code="b">New England Pub.</subfield></datafield><datafield ind1=" " ind2=" " tag="300"><subfield code="a">v.</subfield></datafield><datafield ind1=" " ind2=" " tag="310"><subfield code="a">Weekly</subfield></datafield><datafield ind1="1" ind2=" " tag="362"><subfield code="a">Began in 1975.</subfield></datafield><datafield ind1="0" ind2=" " tag="362"><subfield code="a">-v. 113, no. 2 (Jan. 11, 1978).</subfield></datafield><datafield ind1=" " ind2=" " tag="500"><subfield code="a">"Northern edition of the Journal-opinion."</subfield></datafield><datafield ind1=" " ind2=" " tag="580"><subfield code="a">Merged with: United opinion (Bradford, Vt. : 1975) to form: Journal-opinion (Bradford, Vt.).</subfield></datafield><datafield ind1=" " ind2=" " tag="588"><subfield code="a">Description based on: Vol. 110, no. 37 (Sept. 11, 1975).</subfield></datafield><datafield ind1=" " ind2="0" tag="651"><subfield code="a">Grafton County (N.H.)</subfield><subfield code="v">Newspapers.</subfield></datafield><datafield ind1=" " ind2="4" tag="651"><subfield code="a">Woodsville (N.H.)</subfield><subfield code="v">Newspapers.</subfield></datafield><datafield ind1=" " ind2="7" tag="655"><subfield code="a">Newspapers.</subfield><subfield code="2">fast</subfield><subfield code="0">(OCoLC)fst01423814</subfield></datafield><datafield ind1=" " ind2="7" tag="651"><subfield code="a">New Hampshire</subfield><subfield code="z">Grafton County.</subfield><subfield code="2">fast</subfield><subfield code="0">(OCoLC)fst01215299</subfield></datafield><datafield ind1=" " ind2=" " tag="752"><subfield code="a">United States</subfield><subfield code="b">New Hampshire</subfield><subfield code="c">Grafton</subfield><subfield code="d">Woodsville.</subfield></datafield><datafield ind1=" " ind2=" " tag="752"><subfield code="a">United States</subfield><subfield code="b">Vermont</subfield><subfield code="c">Orange</subfield><subfield code="d">Wells River.</subfield></datafield><datafield ind1="0" ind2="1" tag="780"><subfield code="t">Journal-opinion (Woodsville, N.H.)</subfield><subfield code="w">(DLC)sn 91063294</subfield><subfield code="w">(OCoLC)24558085</subfield></datafield><datafield ind1="1" ind2="7" tag="785"><subfield code="t">United opinion (Bradford, Vt. : 1975)</subfield><subfield code="w">(DLC)sn 91063296</subfield><subfield code="w">(OCoLC)24498221</subfield></datafield><datafield ind1="1" ind2="7" tag="785"><subfield code="t">Journal-opinion (Bradford, Vt.)</subfield><subfield code="w">(DLC)sn 83008634</subfield><subfield code="w">(OCoLC)7503088</subfield></datafield></record>